@article{atlas-detector-2008,
            author="ATLAS Collaboration",
            title="The ATLAS Experiment at the CERN Large Hadron Collider",
            year="2008",
            journal="JINST",
            volume="3",
            pages="S08003"
        }

@article{pixels-2008,
            author="ATLAS Collaboration",
	    title="ATLAS Pixel Detector Electronics and Sensors",
	    year="2008",
	    journal="JINST",
	    volume="3",
	    pages="P07007"
	    }
@book{spieler-2005,
            author="Spieler, Helmuth",
	    title="Semiconductor Detector Systems",
	    year="2005",
	    publisher="Oxford Science Publications"
	    }
	    
